@Article{franchetto,
author = {Filippo Franchetto},
title = {Impianti geotermici, ecco il decreto di riassetto normativo},
journal = {Nextville.it -- Energie rinnovabili ed efficienza energetica},
year = {2010},
OPTkey = {},
OPTvolume = {},
OPTnumber = {},
OPTpages = {},
OPTmonth = {},
OPTnote = {},
OPTannote = {}
}


@Article{scagliarini,
author = {Roberta Scagliarini},
title = {E nel Delta del Po fanno trivellazioni illegali},
journal = {Corriere Economia},
year = {2005},
OPTkey = {},
OPTvolume = {},
OPTnumber = {},
OPTpages = {},
OPTmonth = {},
OPTnote = {},
OPTannote = {}
}


@TechReport{vas,
author = {Domenico Patassini and Francesco Musco and Stefano Picchio and Mario Cicolecchia and Davide Ferro and Leonardo Marotta},
title = {Valutazione Ambientale Strategica (V.A.S.) del Piano Territoriale di Coordinamento Provinciale (P.T.C.P.): Rapporto Ambientale},
institution = {Provincia di Rovigo -- Area Territorio e Trasporti, Università IUAV di Venezia -- Dipartimento di Pianificazione},
year = {2009},
OPTkey = {},
OPTtype = {},
OPTnumber = {},
OPTaddress = {},
OPTmonth = {},
OPTnote = {},
OPTannote = {}
}

@Book{desio,
author = {Ardito Desio},
ALTeditor = {},
title = {Geologia applicata all'ingegneria},
publisher = {Hoepli},
year = {2003},
OPTkey = {},
OPTvolume = {},
OPTnumber = {},
OPTseries = {},
OPTaddress = {},
OPTedition = {},
OPTmonth = {},
OPTnote = {},
OPTannote = {}
}


@TechReport{arpav,
author = {Cinzia Boscolo and Filippo Mion},
title = {Le acque sotterranee della pianura veneta -- I risultati del Progetto SAMPAS},
institution = {Area Tecnico Scientifica -- Servizio Acque Interne dell'ARPAV del Veneto},
year = {2008},
OPTkey = {},
OPTtype = {},
OPTnumber = {},
OPTaddress = {},
OPTmonth = {},
OPTnote = {},
OPTannote = {}
}

@Book{bondesan,
author = {Aldino Bondesan and A. Fontana and P. Mozzi and Mirco Meneghel},
ALTeditor = {},
title = {Geomorfologia della provincia di Venezia. Note illustrative della carta geomorfologica della provincia di Venezia},
publisher = {Esedra Editrice},
year = {2004},
OPTkey = {},
OPTvolume = {},
OPTnumber = {},
OPTseries = {},
OPTaddress = {},
OPTedition = {},
OPTmonth = {},
OPTnote = {},
OPTannote = {}
}


@TechReport{ptcp,
author = {Domenico Patassini and Francesco Musco and Stefano Picchio},
title = {Relazione Ambientale al Documento Preliminare del PTCP della Provincia di Rovigo},
institution = {Provincia di Rovigo e Università IUAV di Venezia -- Dipartimento di Pianificazione},
year = {2008},
OPTkey = {},
OPTtype = {},
OPTnumber = {},
OPTaddress = {},
OPTmonth = {},
OPTnote = {},
OPTannote = {}
}


@InProceedings{anipa,
author = {C. Rossi},
title = {Linee guida per la disciplina relativa allo sfruttamento dell'energia con sonde geotermiche},
booktitle = {Geotermia: progettazione e disciplina tecnica},
OPTcrossref = {},
OPTkey = {},
OPTpages = {},
year = {2008},
OPTeditor = {},
OPTvolume = {},
OPTnumber = {},
OPTseries = {},
OPTaddress = {},
OPTmonth = {},
organization = {Associazione Nazionale di Idrogeologia e Pozzi Acqua},
OPTpublisher = {},
OPTnote = {},
OPTannote = {}
}


@Article{energheiamagazine,
author = {Fabio Minchio},
title = {Veneto tra sonde geotermiche e autorizzazioni},
journal = {Energheia Magazine},
year = {2009},
OPTkey = {},
OPTvolume = {},
OPTnumber = {},
OPTpages = {},
OPTmonth = {},
OPTnote = {},
OPTannote = {}
}

@Manual{confederazione_svizzera,
title = {Exploitation de la chaleur tirée du sol et du sous-sol},
OPTkey = {},
author = {Walter J. Eugster},
organization = {Office fédéral de l'environnement OFEV},
OPTaddress = {},
OPTedition = {},
OPTmonth = {},
year = {2009},
OPTnote = {disponibile a questo indirizzo: \begin{scriptsize} \url{http://www.bafu.admin.ch/publikationen/publikation/01042/index.html?lang=fr} \end{scriptsize}},
OPTannote = {}
}



@InProceedings{geotrainet,
author = {Burkhard Sanner and Philippe Dumas and Isabel Fernandez and Manuel Regueiro},
title = {Geotrainet -- A new european initittive for training and education of planners, drillers and installers of geothermal heat pumps},
booktitle = {11\ap{th} Effstock -- Thermal Energy Storage for Energy Efficiency and Sustainability},
OPTcrossref = {},
OPTkey = {},
OPTpages = {},
year = {2009},
OPTeditor = {},
OPTvolume = {},
OPTnumber = {},
OPTseries = {},
address = {Svezia},
OPTmonth = {},
OPTorganization = {},
OPTpublisher = {},
OPTnote = {},
OPTannote = {}
}


@InProceedings{younger,
author = {P. L. Younger},
title = {Potential pitfalls for water resources of unregulated development of ground-source heat resources},
booktitle = {Annual Conference of the Chartered Institution of Water -- Environmental Management},
OPTcrossref = {},
OPTkey = {},
OPTpages = {},
year = {2006},
OPTeditor = {},
OPTvolume = {},
OPTnumber = {},
OPTseries = {},
OPTaddress = {},
OPTmonth = {},
OPTorganization = {},
OPTpublisher = {},
OPTnote = {},
OPTannote = {}
}


@Misc{skarphagen,
OPTkey = {},
author = {H. Skarphagen},
title = {Ground source heat -- heat exchange with the ground: in Norwegian},
howpublished = {modulo di elearning sviluppato per l'Università di Oslo},
OPTmonth = {},
year = {2006},
OPTnote = {},
OPTannote = {}
}


@Article{ferguson,
author = {Grant Ferguson and Allan Woodbury},
title = {Subsurface heat flow in an urban environment},
journal = {Journal of geophysical research},
year = {2004},
OPTkey = {},
volume = {109},
OPTnumber = {},
OPTpages = {},
OPTmonth = {},
OPTnote = {},
OPTannote = {}
}

@InProceedings{sanner_guidelines,
author = {B. Sanner},
title = {Guidelines, standars, certification and legal permits for ground source heat pumps in the european union},
booktitle = {9\ap{th} International IEA Heat Pump Conference},
OPTcrossref = {},
OPTkey = {},
OPTpages = {},
year = {2008},
OPTeditor = {},
OPTvolume = {},
OPTnumber = {},
OPTseries = {},
OPTaddress = {},
OPTmonth = {},
OPTorganization = {},
OPTpublisher = {},
OPTnote = {disponibile a questo indirizzo: \begin{scriptsize} \url{http://www.egec.org/} \end{scriptsize}},
OPTannote = {}
}


@InProceedings{rybach,
author = {L. Rybach},
title = {Regulatory framework for geothermal in Europe  -- with special reference to Germany, France, Hungary, Romania, and Switzerland},
booktitle = {Geothermal training programme},
OPTcrossref = {},
OPTkey = {},
OPTpages = {},
year = {2003},
OPTeditor = {},
OPTvolume = {},
OPTnumber = {},
OPTseries = {},
OPTaddress = {},
OPTmonth = {},
OPTorganization = {},
OPTpublisher = {},
OPTnote = {disponibile a questo indirizzo: \begin{scriptsize} \url{http://www.egec.org/} \end{scriptsize}},
OPTannote = {}
}


@Article{brandl,
author = {H. Brandl},
title = {Energy foundations and other thermo-active ground structures},
journal = {Géotechnique},
year = {2006},
OPTkey = {},
volume = {56},
number = {2},
OPTpages = {},
OPTmonth = {},
OPTnote = {disponibile a questo indirizzo: \begin{scriptsize} \url{http://cercare.il.sito!!} \end{scriptsize}},
OPTannote = {}
}

@Article{preene,
author = {M. Preene and W. Powrie},
title = {Ground energy systems: from analysis to geotechnical design},
journal = {Géotechnique},
year = {2009},
OPTkey = {},
volume = {59},
number = {3},
OPTpages = {},
OPTmonth = {},
OPTnote = {disponibile a questo indirizzo: \begin{scriptsize} \url{http://cercare.il.sito!!} \end{scriptsize}},
OPTannote = {}
}


@Article{noce,
author = {Guido Noce},
title = {Test e collaudi di impianti geotermici a pompa di calore},
journal = {Strade \& Autostrade},
year = {2009},
OPTkey = {},
volume = {2},
OPTnumber = {},
OPTpages = {},
OPTmonth = {},
OPTnote = {},
OPTannote = {}
}


@MastersThesis{begal,
author = {F. Begal},
title = {Analisi tecnico-economica di impianti di climatizzazione con accumulo stagionale a terreno},
school = {Facoltà di Ingegneria Gestionale dell'Università di Padova},
year = {1995},
OPTkey = {},
OPTtype = {},
OPTaddress = {},
OPTmonth = {},
OPTnote = {},
OPTannote = {}
}

@TechReport{heinonen,
author = {E. W. Heinonen and R. E. Tapscott and M. W. Wildin and A. N. Beall},
title = {Assessment of anti-freeze solutions for ground-source heat pump systems},
institution = {New Mexico Engineering Research Institute},
year = {1996},
OPTkey = {},
OPTtype = {},
OPTnumber = {},
OPTaddress = {},
OPTmonth = {},
OPTnote = {},
OPTannote = {}
}

@PhdThesis{claesson,
author = {J. Claesson and P. Eskilson},
title = {Thermal Analysis of Heat Extraction Boreholes},
school = {Department of Mathematical Physics, University of Lund},
year = {1987},
OPTkey = {},
OPTtype = {},
address = {Sweden},
OPTmonth = {},
OPTnote = {},
OPTannote = {}
}


@Manual{eed,
title = {Earth Energy Designer},
OPTkey = {},
author = {{EED}},
Organization = {sviluppato dalla Blocon software, con la collaborazione di  G. Hellstr\"{o}m, B. Sanner, J. Claesson, P. Eskilson},
address = {Sweden},
edition = {3.15},
OPTmonth = {},
year = {2009},
OPTnote = {disponibile a questo indirizzo: \begin{scriptsize} \url{http://www.buildingphysics.com/index-filer/Page1099.htm} \end{scriptsize}},
OPTannote = {}
}

@Manual{illinois_survey,
title = {The Environmental Effects of Ground-Source Heat Pumps -- A Preliminary Overview},
OPTkey = {},
author = {Edward Mehnert},
Organization = {Illinois State Geological Survey},
address = {Washington},
OPTedition = {},
OPTmonth = {},
year = {2004},
OPTnote = {consultabile da questo indirizzo: \begin{scriptsize} \url{library.isgs.uiuc.edu/Pubs/pdfs/ofs/2004/ofs2004-02.pdf} \end{scriptsize}},
OPTannote = {}
}

@Manual{allan,
title = {Properties and performance of cement-based grouts for geothermal heat pump applications},
OPTkey = {},
author = {M. L. Allan and A. J. Philippacopoulos},
Organization = {Office States Department of Energy},
address = {Washington},
edition = {final report},
OPTmonth = {},
year = {1999},
OPTnote = {consultabile da questo indirizzo: \begin{scriptsize} \url{http://www.osti.gov/geothermal} \end{scriptsize}},
OPTannote = {}
}

@Manual{prontuario_ing,
title = {Prontuario dell'Ingegnere},
OPTkey = {},
author = {Andrea Guadagni and others},
organization = {Hoepli},
OPTaddress = {},
OPTedition = {},
OPTmonth = {},
year = {2003},
OPTnote = {},
OPTannote = {}
}

@InProceedings{felderer,
author = {Georg Felderer},
title = {La geotermia nell'Altro Adige},
booktitle = {Geotermia: applicazioni a bassa temperatura},
OPTcrossref = {},
OPTkey = {},
OPTpages = {},
year = {2006},
OPTeditor = {},
OPTvolume = {},
OPTnumber = {},
OPTseries = {},
address = {Fiera di Vicenza},
OPTmonth = {},
OPTorganization = {},
OPTpublisher = {},
OPTnote = {consultabile da questo indirizzo: \begin{scriptsize} \url{http://www.vienergia.it/a_4_IT_65_1.html} \end{scriptsize}},
OPTannote = {}
}

@Book{da_deppo_acquedotti,
author = {Luigi {Da Deppo} and Caludio Datei and Virgilio Fiorotto and Paolo Salandin},
ALTeditor = {},
title = {Acquedotti},
publisher = {Libreria Internazionale Cortina},
year = {2006},
OPTkey = {},
OPTvolume = {},
OPTnumber = {},
OPTseries = {},
address = {Padova},
edition = {Terza},
OPTmonth = {},
OPTnote = {},
OPTannote = {}
}


@TechReport{rafferty,
author = {Kevin Rafferty},
title = {Design aspects of commercial open-loop heat pump systems},
institution = {Geo-Heat Center bulletin},
year = {2001},
OPTkey = {},
OPTtype = {},
OPTnumber = {},
OPTaddress = {},
OPTmonth = {},
OPTnote = {consultabile da questo indirizzo: \begin{scriptsize} \url{http://geoheat.oit.edu/bulletin/bull22-1/art5.pdf} \end{scriptsize}},
OPTannote = {}
}

@PhdThesis{busnardo,
author = {E. Busnardo},
title = {Pompe di calore con sorgente ad acque superficiali o sotterranee: aspetti tecnici, commerciali ed amministrativi},
school = {Università di Padova -- Dipartimento di Tecnica e Gestione dei Sistemi Industriali},
year = {2006},
OPTkey = {},
OPTtype = {},
OPTaddress = {},
OPTmonth = {},
note = {relatore prof. R. M. Lazzarin},
OPTannote = {}
}


@Book{misstear,
author = {B. Misstear and D. Banks and L. Clark},
ALTeditor = {},
title = {Water Wells and Boreholes},
publisher = {Wiley},
year = {2006},
OPTkey = {},
OPTvolume = {},
OPTnumber = {},
OPTseries = {},
address = {Chichester},
OPTedition = {},
OPTmonth = {},
OPTnote = {},
OPTannote = {}
}


@INPROCEEDINGS{tinti,
  author = {Francesco Tinti},
  title = {Introduzione alla geotermia},
  booktitle = {Incontro con le aziende: Standard di qualità nella progettazione e realizzazione degli impianti geotermici a sonde verticali},
  year = {2009},
  address = {Parco scientifico tecnologico di Venezia VEGA},
  organization = {Dipartimento di Ingegneria Chimica, Mineraria e delle Tecnologie Ambientali dell'Università di Bologna},
  optnote = {consultabile a questo indirizzo: \begin{scriptsize} \url{http://www.veneziaenergia.it} \end{scriptsize}},
  optmonth = {ottobre}
}

@Misc{libro_pdc,
OPTkey = {},
author = {Carmine Casale and Giampiero Colli and Walter Pennati and Fernando Pettorossi},
title = {Libro bianco sulle pompe di calore},
howpublished = {PDF del Gruppo Italiano Pompe di Calore},
OPTmonth = {},
year = {2009},
OPTnote = {consultabile a questo indirizzo: \begin{scriptsize} \url{http://www.pompedicalore.org/docfiles/200905_Libro-bianco-PdC.pdf} \end{scriptsize}},
OPTannote = {}
}

@Misc{egec_2009,
OPTkey = {},
author = {EGEC},
title = {Geothermal Heat pumps - Ground source Heat pumps},
howpublished = {PDF},
OPTmonth = {},
year = {2009},
OPTnote = {consultabile a questo indirizzo: \begin{scriptsize} \url{http://www.egec.org/target/publications.html} \end{scriptsize}},
OPTannote = {}
}

@InProceedings{egec_bilbao,
author = {Alfredo Fern\'{a}ndez},
title = {Geothermal Energy in Europe, today and in future},
booktitle = {European Future Energy Forum 09},
OPTcrossref = {},
OPTkey = {},
OPTpages = {},
year = {2009},
OPTeditor = {},
OPTvolume = {},
OPTnumber = {},
OPTseries = {},
address = {Bilbao},
OPTmonth = {},
organization = {EGEC},
publisher = {PDF},
OPTnote = {consultabile da questo indirizzo: \begin{scriptsize} \url{http://www.egec.org/target/publications.html} \end{scriptsize}},
OPTannote = {}
}

@InProceedings{maritan,
author = {Davide Maritan and Roberto Panizzolo},
title = {Ground Source Heat Pumps Applications in Italy},
booktitle = {Thirty-Third Workshop on Geothermal Reservoir Engineering},
OPTcrossref = {},
OPTkey = {},
OPTpages = {},
year = {2008},
OPTeditor = {},
OPTvolume = {},
OPTnumber = {},
OPTseries = {},
address = {California},
OPTmonth = {},
organization = {Stanford University},
OPTpublisher = {},
OPTnote = {},
OPTannote = {}
}


@Book{ingersoll,
author = {L. R. Ingersoll and O. J. Zobel and A. C. Ingersoll},
ALTeditor = {},
title = {Heat Conduction with Engineering and Geological Application},
publisher = {McGraw Hill},
year = {1948},
OPTkey = {},
OPTvolume = {},
OPTnumber = {},
OPTseries = {},
address = {New York},
OPTedition = {},
OPTmonth = {},
OPTnote = {},
OPTannote = {}
}

@InProceedings{history_gshp,
author = {Burkhard Sanner},
title = {Some history of shallow geothermal energy use},
booktitle = {UNESCO/IGA International Summer School on Direct Application of Geothermal Energy/International Geothermal Days},
OPTcrossref = {},
OPTkey = {},
OPTpages = {},
year = {2001},
OPTeditor = {},
OPTvolume = {},
OPTnumber = {},
OPTseries = {},
address = {Germany},
OPTmonth = {},
OPTorganization = {},
OPTpublisher = {},
OPTnote = {},
OPTannote = {}
}


@Book{linacre,
author = {Edward Linacre and Bart Geerts},
ALTeditor = {},
title = {Climates and Weather Explained},
publisher = {Routledge},
year = {1997},
OPTkey = {},
OPTvolume = {},
OPTnumber = {},
OPTseries = {},
OPTaddress = {},
OPTedition = {},
OPTmonth = {},
OPTnote = {},
OPTannote = {}
}

@Misc{uni_378,
OPTkey = {},
author = {{UNI EN 378-1}},
title = {Impianti di refrigerazione e pompe di calore -- Requisiti di sicurezza e ambientali -- Parte 1: Requisiti di base, definizioni, classificazione e criteri di selezione},
OPThowpublished = {},
OPTmonth = {},
year = {2008},
note = {Ente Nazionale Italiano di Unificazione},
OPTannote = {}
}

@Misc{uni_10349,
OPTkey = {},
author = {{UNI 10349}},
title = {Riscaldamento e raffrescamento degli Edifici - Dati Climatici},
OPThowpublished = {},
OPTmonth = {},
year = {1994},
note = {Ente Nazionale Italiano di Unificazione},
OPTannote = {}
}

@Misc{uni_15450,
OPTkey = {},
author = {{UNI EN 15450}},
title = {Progettazione degli impianti di riscaldamento a pompa di calore},
OPThowpublished = {},
OPTmonth = {},
year = {2008},
note = {Ente Nazionale Italiano di Unificazione},
OPTannote = {}
}

@TechReport{drigo,
author = {Vittorio Drigo},
title = {L'anomalia geotermica nella pianura friulana e veneta, una ricchezza da utilizzare e da conservare},
institution = {Collegio degli Ingegneri di Venezia},
year = {2005},
OPTkey = {},
OPTtype = {},
OPTnumber = {},
OPTaddress = {},
OPTmonth = {},
OPTnote = {\begin{scriptsize} \url{http://www.collegioingegnerivenezia.it/download.php?id=407&u=&s=dacb3fe2f246c680cc17674e5cd511b7} \end{scriptsize}},
OPTannote = {}
}


@Misc{portale_meteo,
OPTkey = {},
author = {{Il Meteo.it}},
title = {Clima Rovigo - Medie climatiche},
OPThowpublished = {},
OPTmonth = {},
year = {2009},
OPTnote = {\begin{scriptsize}\url{http://www.ilmeteo.it/portale/medie-climatiche/Rovigo}\end{scriptsize}},
OPTannote = {}
}


@Book{lienau,
author = {P. Lienau},
editor = {Oregon Institute of Technology},
title = {Geothermal Direct Use Engineering and Design Guidebook},
publisher = {Geo-Heat Center},
year = {1998},
OPTkey = {},
OPTvolume = {},
OPTnumber = {},
OPTseries = {},
address = {USA},
edition = {3},
OPTmonth = {},
OPTnote = {},
OPTannote = {}
}


@Misc{sviluppo_geotermia,
OPTkey = {},
author = {UGI},
title = {La Geotermia ieri, oggi, domani},
howpublished = {Numero Speciale del Notiziario UGI, Edizioni ETS},
OPTmonth = {},
year = {2007},
OPTnote = {\begin{scriptsize}\url{http://www.unionegeotermica.it/pdfiles/La-Geotermia-Studio-07.pdf}\end{scriptsize}},
OPTannote = {}
}

@Misc{gvp,
OPTkey = {},
author = {GVP},
OPTtitle = {},
howpublished = {Hosted by the Global Volcanism Program of the Smithsonian Institution in Washington -- DC},
OPTmonth = {},
year = {2006},
OPTnote = {\begin{scriptsize}\url{http://www.volcano.si.edu/world/volcano.cfm?vnum=0101-001}\end{scriptsize}},
OPTannote = {}
}

@InProceedings{hochstein,
author = {M. P. Hochstein},
title = {Classification and assessment of geothermal resources},
booktitle = {Small Geothermal Resources: A Guide to Development and Utilization},
OPTcrossref = {},
OPTkey = {},
OPTpages = {},
year = {1990},
editor = {Unitar},
OPTvolume = {},
OPTnumber = {},
OPTseries = {},
address = {New York},
OPTmonth = {},
OPTorganization = {},
OPTpublisher = {},
OPTnote = {},
OPTannote = {}
}

@TechReport{vdi_blatt1,
author = {VDI},
title = {VDI 4640 Blatt 1, Thermal use of the underground -- Fundamentals, approvals, environmental aspects},
institution = {Verein Deutscher Ingenieure},
year = {2000},
OPTkey = {},
OPTtype = {},
OPTnumber = {Blatt 1},
address = {D\"{u}sseldorf},
OPTmonth = {dicembre},
OPTnote = {},
OPTannote = {}
}

@TechReport{vdi_blatt2,
author = {VDI},
title = {VDI 4640 Blatt 2, Thermal use of the underground -- Ground source heat pump system},
institution = {Verein Deutscher Ingenieure},
year = {2001},
OPTkey = {},
OPTtype = {},
OPTnumber = {Blatt 2},
address = {D\"{u}sseldorf},
OPTmonth = {dicembre},
OPTnote = {},
OPTannote = {}
}

@TechReport{vdi_blatt3,
author = {VDI},
title = {VDI 4640 Blatt 3, Utilization of the subsurface for thermal purposes: Underground thermal energy storage},
institution = {Verein Deutscher Ingenieure},
year = {2001},
OPTkey = {},
OPTtype = {},
OPTnumber = {Blatt 3},
address = {D\"{u}sseldorf},
OPTmonth = {dicembre},
OPTnote = {},
OPTannote = {}
}

@Book{banks,
author = {David Banks},
ALTeditor = {},
title = {An Introduction of Thermogeology Ground Source Heating and Cooling},
publisher = {Blackwell Publishing},
year = {2008},
OPTkey = {},
OPTvolume = {},
OPTnumber = {},
OPTseries = {},
OPTaddress = {},
OPTedition = {},
OPTmonth = {},
OPTnote = {},
OPTannote = {}
}


@Booklet{basta,
title = {Geotermia e pompe di calore - Guida pratica agli impianti di climatizzazione},
OPTkey = {},
author = {Savino Basta and Fabio Minchio},
howpublished = {Stampato in proprio},
address = {Verona},
month = {Settembre},
year = {2007},
OPTnote = {},
OPTannote = {}
}

@Book{armstead,
author = {H. Armstead and Christopher H. Schroeder},
ALTeditor = {},
title = {Geothermal Energy},
publisher = {Spon Pr},
year = {1983},
OPTkey = {},
OPTvolume = {},
OPTnumber = {},
OPTseries = {},
address = {London},
OPTedition = {},
OPTmonth = {},
OPTnote = {},
OPTannote = {}
}

@Article{stacey,
author = {F. D. Stacey and D. E. Loper},
title = {Thermal history of the Earth: a corollary concerning non-linear mantle rheology},
journal = {Physisc Earth Planet International},
year = {1988},
OPTkey = {},
OPTvolume = {},
number = {53},
OPTpages = {},
OPTmonth = {},
OPTnote = {},
OPTannote = {}
}

@Article{pollack,
author = {H. N. Pollack and S. J. Hurter and J. R. Johnson},
title = {Heat flow from the Earth's interior: Analysis of the global data set},
journal = {Geophys},
year = {1993},
OPTkey = {},
OPTvolume = {},
number = {31},
OPTpages = {},
OPTmonth = {},
OPTnote = {},
OPTannote = {}
}

@Misc{hp_barometer,
OPTkey = {},
author = {EurObserv'ER},
title = {Heat pump barometer},
howpublished = {L'Observatoire des energies renouvelables},
OPTmonth = {},
year = {2009},
OPTnote = {\begin{scriptsize}\url{http://www.eurobserv-er.org}\end{scriptsize}},
OPTannote = {}
}


@Misc{fanelli,
OPTkey = {},
author = {Mario Fanelli and Mary H. Dickson},
title = {Geologia e\dots Geotermia},
howpublished = {CNR - Istituto di Geoscienze e Georisorse, Area CNR - Pisa},
OPTmonth = {},
year = {2004},
OPTnote = {\begin{scriptsize}\url{http://www.igg.cnr.it/Geologia_e/GeologiaeGeotermiaText.htm}\end{scriptsize}},
OPTannote = {}
}

@InCollection{lindal,
author = {B. Lindal},
title = {Industrial and other applications of geothermal energy},
booktitle = {Geothermal Energy},
OPTcrossref = {},
OPTkey = {},
OPTpages = {},
publisher = {UNESCO},
year = {1973},
OPTeditor = {},
OPTvolume = {},
OPTnumber = {},
OPTseries = {},
OPTtype = {},
OPTchapter = {},
address = {Paris},
OPTedition = {},
OPTmonth = {},
OPTnote = {},
OPTannote = {}
}

@InProceedings{lubimova,
author = {E. A. Lubimova},
title = {Thermal history of the Earth},
booktitle = {The Earth's Crust and Upper Mantle},
OPTcrossref = {},
OPTkey = {},
OPTpages = {},
year = {1968},
OPTeditor = {},
OPTvolume = {},
OPTnumber = {},
OPTseries = {},
OPTaddress = {},
OPTmonth = {},
OPTorganization = {},
publisher = {American Geophysical Union},
OPTnote = {},
OPTannote = {}
}

@TECHREPORT{marketusa,
  author = {{National Renewable Energy Laboratory}},
  title = {2008 Geothermal Technologies market report},
  institution = {U.S. Department of Energy},
  year = {2009},
  month = {luglio}
}

@INPROCEEDINGS{sanner,
  author = {Burkhard Sanner},
  title = {Development Of Geothermal Heat Pumps},
  booktitle = {Session VI, Geothermal Heat Pumps. A prospective direction for development in central european region},
  year = {2009},
  address = {Slovakia},
  publisher = {International Geothermal Days, conference \& summer school}
}

@INPROCEEDINGS{savoca,
  author = {Domenico Savoca},
  title = {Le prospettive di sviluppo delle pompe di calore geotermiche in Lombardia},
  booktitle = {Convegno, Le pompe di calore geotermiche: i vincoli e gli incentivi per lo sviluppo},
  year = {2008},
  address = {Milano}
}

@Misc{zarrella_relazione,
OPTkey = {},
author = {Angelo Zarrella},
title = {L'uso del terreno come sorgente termica},
howpublished = {Dipartimento di Fisica Tecnica dell'Università di Padova},
OPTmonth = {},
year = {2009},
OPTnote = {\begin{scriptsize} \url{http://www.therm-tech.it/pdf/Uso_del_Terreno_come_Sorgente_Termica_v01[1].pdf} \end{scriptsize}},
OPTannote = {Dipartimento di Fisica Tecnica dell'Università di Padova},
OPTorganization = {Dipartimento di Fisica Tecnica dell'Università di Padova}
}

@INPROCEEDINGS{zarrella,
  author = {Angelo Zarrella},
  title = {Le pompe di calore accoppiate al terreno: aspetti termodinamici e
	funzionali},
  booktitle = {Incontro con le aziende: Impianti geotermici a bassa entalpia e tecniche costruttive},
  year = {2009},
  address = {Collegio degli Ingegneri della provincia di Padova},
  organization = {Dipartimento di Fisica Tecnica dell'Università di Padova},
  optmonth = {ottobre}
}

@Misc{enea,
OPTkey = {},
author = {{ENEA}},
title = {La pompa di calore},
howpublished = {PDF, collana sviluppo sostenibile},
OPTmonth = {},
year = {2003},
OPTnote = {\begin{scriptsize}\url{http://www.enea.it/produzione_scientifica/pdf_op_svil_sost/Op25.pdf}\end{scriptsize}},
OPTannote = {}
}

@TechReport{cesi,
author = {Cesi},
title = {Applicazioni della tecnologia a pompa di calore nei principali settori industriali},
institution = {SFR-A1/018331},
year = {2001},
OPTkey = {},
OPTtype = {},
OPTnumber = {},
OPTaddress = {},
OPTmonth = {},
OPTnote = {},
OPTannote = {}
}
