@book{latexcompanion,
	title = {The LaTeX Companion},
	author = {Frank Mittelbach and Michel Goossens and Johannes Braams and David Carlisle and Chris Rowley},
	edition = {2},
	month = {April},
	note = {ISBN-10: 0201362996
ISBN-13: 978-0201362992},
	publisher = {Addison-Wesley},
	year = {2004},
}

@String{editors = {Alberto Simões and José João Almeida and Xavier Gómez Guinovart}}
@String{linguamatica = {Linguamática}}
@String{issn = {1647--0818}}

@Article{linguamatica:1:09:forcada,
  author =       {Mikel L. Forcada},
  title =        {Apertium: traducció automàtica de codi obert per a les llengües romàniques}, 
  journal =      linguamatica,
  year =         {2009},
  volume =       {1},
  number =       {1},
  pages =        {13--23},
  month =        {May},
  issn =         issn,
  url =          {http://linguamatica.com/index.php/linguamatica/article/view/18/8},
  editor =       editors,
}

@Article{linguamatica:1:09:santos,
  author =       {Diana Santos},
  title =        {Caminhos percorridos no mapa da portuguesificação: {A} {Linguateca} em perspectiva}, 
  journal =      linguamatica,
  year =         {2009},
  volume =       {1},
  number =       {1},
  pages =        {25--58},
  month =        {May},
  issn =         issn,
  url =          {http://linguamatica.com/index.php/linguamatica/article/view/20/9},
  editor =       editors,
}

